@article{susetyo2010perancangan,
  title={Perancangan Ulang Tata Letak Fasilitas Produksi dengan Pendekatan Group Technology dan Algoritma Blocplan untuk Meminimasi Ongkos Material Handling},
  author={Susetyo, Joko and Simanjuntak, Risma Adelina and Ramos, Jo{\~a}o Magno},
  journal={Jurnal Teknologi},
  volume={3},
  number={1},
  pages={75--84},
  year={2010}
}